<record><leader>00000cas a22000007a 4500</leader><controlfield tag="001">24610997</controlfield><controlfield tag="008">911023d1874187uncuwr ne      0    0eng d</controlfield><datafield ind1=" " ind2=" " tag="010"><subfield code="a">sn 91068182 </subfield></datafield><datafield ind1=" " ind2=" " tag="040"><subfield code="a">NVJ</subfield><subfield code="b">eng</subfield><subfield code="c">NVJ</subfield><subfield code="d">OCLCQ</subfield></datafield><datafield ind1=" " ind2=" " tag="042"><subfield code="a">msc</subfield></datafield><datafield ind1="0" ind2="4" tag="245"><subfield code="a">The Duplin record.</subfield></datafield><datafield ind1=" " ind2=" " tag="260"><subfield code="a">Magnolia, N.C. :</subfield><subfield code="b">W.A. Moore</subfield></datafield><datafield ind1=" " ind2=" " tag="300"><subfield code="a">v.</subfield></datafield><datafield ind1=" " ind2=" " tag="310"><subfield code="a">Weekly</subfield></datafield><datafield ind1="1" ind2=" " tag="362"><subfield code="a">Began in 1874.</subfield></datafield><datafield ind1=" " ind2=" " tag="588"><subfield code="a">Description based on: Vol. 1, no. 4 (Oct. 30, 1874).</subfield></datafield><datafield ind1=" " ind2=" " tag="752"><subfield code="a">United States</subfield><subfield code="b">North Carolina</subfield><subfield code="c">Duplin</subfield><subfield code="d">Magnolia.</subfield></datafield><datafield ind1="0" ind2="0" tag="785"><subfield code="t">Weekly record (Magnolia, N.C.)</subfield><subfield code="w">(DLC)sn 85026803</subfield></datafield></record>